% This file was created with JabRef 2.9.2.
% Encoding: Cp1252


@article{aiello1995expensive,
  title={The expensive-tissue hypothesis: the brain and the digestive system in human and primate evolution},
  author={Aiello, Leslie C and Wheeler, Peter},
  journal={Current anthropology},
  pages={199--221},
  year={1995},
  publisher={JSTOR}
}

@article{albert2009effect,
  title={Effect of taxon sampling on recovering the phylogeny of squamate reptiles based on complete mitochondrial genome and nuclear gene sequence data},
  author={Albert, Eva M and San Mauro, Diego and Garc{\'\i}a-Par{\'\i}s, Mario and R{\"u}ber, Lukas and Zardoya, Rafael},
  journal={Gene},
  volume={441},
  number={1},
  pages={12--21},
  year={2009},
  publisher={Elsevier}
}


@book{ali1985vision,
  title={Vision in vertebrates},
  author={Ali, Mohamed Ather and Klyne, Mary Ann},
  year={1985},
  publisher={Plenum Press New York}
}


@article{allyn1951dictionary,
  title={Dictionary of fishes},
  author={Allyn, Rube},
  year={1951}
}



@article{allen2013evolution,
  title={The evolution and function of pattern diversity in snakes},
  author={Allen, William L and Baddeley, Roland and Scott-Samuel, Nicholas E and Cuthill, Innes C},
  journal={Behavioral Ecology},
  volume={24},
  number={5},
  pages={1237--1250},
  year={2013},
  publisher={ISBE}
}


@article{alroy2008phanerozoic,
  title={Phanerozoic trends in the global diversity of marine invertebrates},
  author={Alroy, John and Aberhan, Martin and Bottjer, David J and Foote, Michael and F{\"u}rsich, Franz T and Harries, Peter J and Hendy, Austin JW and Holland, Steven M and Ivany, Linda C and Kiessling, Wolfgang and others},
  journal={Science},
  volume={321},
  number={5885},
  pages={97--100},
  year={2008},
  publisher={American Association for the Advancement of Science}
}


@article{arends2001comparative,
  title={The comparative energetics of ‘caviomorph’rodents},
  author={Arends, Alexis and McNab, Brian K},
  journal={Comparative Biochemistry and Physiology Part A: Molecular \& Integrative Physiology},
  volume={130},
  number={1},
  pages={105--122},
  year={2001},
  publisher={Elsevier}
}


@article{Ault1987,
  title={Electroretinographic responses of the great horned owl (Bubo virginianus)},
  author={Ault, S.J and House, E.W},
  journal={Journal of Raptor Research},
  volume={21},
  pages={147--152},
  year={1987},
}


@article{autrum1958electrophysiological,
  title={Electrophysiological analysis of the visual systems in insects.},
  author={Autrum, H},
  journal={Experimental cell research},
  volume={14},
  number={Suppl 5},
  pages={426},
  year={1958}
}


@article{austad1991mammalian,
  title={Mammalian aging, metabolism, and ecology: evidence from the bats and marsupials},
  author={Austad, Steven N and Fischer, Kathleen E},
  journal={Journal of Gerontology},
  volume={46},
  number={2},
  pages={B47--B53},
  year={1991},
  publisher={Oxford University Press}
}


@incollection{bahill2004rising,
  title={The rising fastball and other perceptual illusions of batters},
  author={Bahill, Terry and Baldwin, David G},
  booktitle={Biomedical Engineering Principles in Sports},
  pages={257--287},
  year={2004},
  publisher={Springer}
}


@article{bar2015sensory,
  title={A Sensory-Motor Control Model of Animal Flight Explains Why Bats Fly Differently in Light Versus Dark},
  author={Bar, Nadav S and Skogestad, Sigurd and Mar{\c{c}}al, Jose M and Ulanovsky, Nachum and Yovel, Yossi},
  journal={PLoS biology},
  volume={13},
  number={1},
  pages={e1002046--e1002046},
  year={2015},
  publisher={Public Library of Science}
}


@article{barlow2009coevolution,
  title={Coevolution of diet and prey-specific venom activity supports the role of selection in snake venom evolution},
  author={Barlow, Axel and Pook, Catharine E and Harrison, Robert A and W{\"u}ster, Wolfgang},
  journal={Proceedings of the Royal Society B: Biological Sciences},
  volume={276},
  number={1666},
  pages={2443--2449},
  year={2009},
  publisher={The Royal Society}
}



@article{benton2007paleontological,
  title={Paleontological evidence to date the tree of life},
  author={Benton, Michael J and Donoghue, Philip CJ},
  journal={Molecular biology and evolution},
  volume={24},
  number={1},
  pages={26--53},
  year={2007},
  publisher={SMBE}
}


@article{bernholz1975critical,
  title={Critical flicker frequency in a harp seal: evidence for duplex retinal organization},
  author={Bernholz, Charles D and Matthews, Michael L},
  journal={Vision research},
  volume={15},
  number={6},
  pages={733--736},
  year={1975},
  publisher={Elsevier}
}


@article{dessing2010bending,
  title={Bending it like Beckham: how to visually fool the goalkeeper},
  author={Dessing, Joost C and Craig, Cathy M},
  journal={PLoS One},
  volume={5},
  number={10},
  pages={e13161},
  year={2010},
  publisher={Public Library of Science}
}


@article{boback2003empirical,
  title={Empirical evidence for an optimal body size in snakes},
  author={Boback, Scott M and Guyer, Craig},
  journal={Evolution},
  volume={57},
  number={2},
  pages={345--451},
  year={2003},
  publisher={Wiley Online Library}
}


@article{bornschein1961elektroretinogramm,
  title={Elektroretinogramm und netzhautstruktur der Sumpfohreule (Asio flammeus)},
  author={Bornschein, H and Tansley, Katharine},
  journal={Experientia},
  volume={17},
  number={4},
  pages={185--187},
  year={1961},
  publisher={Springer}
}


@book{biewener2003animal,
  title={Animal locomotion},
  author={Biewener, Andrew A},
  year={2003},
  publisher={Oxford University Press}
}


@article{bininda2007delayed,
  title={The delayed rise of present-day mammals},
  author={Bininda-Emonds, Olaf RP and Cardillo, Marcel and Jones, Kate E and MacPhee, Ross DE and Beck, Robin MD and Grenyer, Richard and Price, Samantha A and Vos, Rutger A and Gittleman, John L and Purvis, Andy},
  journal={Nature},
  volume={446},
  number={7135},
  pages={507--512},
  year={2007},
  publisher={Nature Publishing Group}
}


@article{block1985warm,
  title={Warm brain and eye temperatures in sharks},
  author={Block, Barbara A and Carey, Francis G},
  journal={Journal of Comparative Physiology B},
  volume={156},
  number={2},
  pages={229--236},
  year={1985},
  publisher={Springer}
}


@article{bradley1974temperature,
  title={Temperature regulation in the tree shrew Tupaia glis},
  author={Bradley, S Robert and Hudson, Jack W},
  journal={Comparative Biochemistry and Physiology Part A: Physiology},
  volume={48},
  number={1},
  pages={55--60},
  year={1974},
  publisher={Elsevier}
}


@article{brown2004,
  Author = {Brown, James H. and Gillooly, James F. and Allen, Andrew P. and Savage, Van M. and West, Geoffrey B.},
  Booktitle = {Ecology},
  Da = {2004/07/01},
  Date = {2004/07/01},
  Date-Added = {2015-04-30 16:17:24 +0000},
  Date-Modified = {2015-04-30 16:17:24 +0000},
  Doi = {10.1890/03-9000},
  Isbn = {0012-9658},
  Journal = {Ecology},
  Journal1 = {Ecology},
  M3 = {doi: 10.1890/03-9000},
  Month = {2015/04/30},
  Number = {7},
  Pages = {1771--1789},
  Publisher = {Ecological Society of America},
  Title = {TOWARD A METABOLIC THEORY OF ECOLOGY},
  Ty = {JOUR},
  Url = {http://dx.doi.org/10.1890/03-9000},
  Volume = {85},
  Year = {2004},
  Year1 = {2004},
  Bdsk-Url-1 = {http://dx.doi.org/10.1890/03-9000}}


@article{brown2008strong,
  title={Strong mitochondrial DNA support for a Cretaceous origin of modern avian lineages},
  author={Brown, Joseph W and Rest, Joshua S and Garc{\'\i}a-Moreno, Jaime and Sorenson, Michael D and Mindell, David P},
  journal={BMC biology},
  volume={6},
  number={1},
  pages={6},
  year={2008},
  publisher={BioMed Central Ltd}
}


@article{bruhn1934respiratory,
  title={The respiratory metabolism of infrahuman primates},
  author={Bruhn, John M},
  journal={American Journal of Physiology--Legacy Content},
  volume={110},
  number={2},
  pages={477--484},
  year={1934},
  publisher={Am Physiological Soc}
}


@article{brundrett1974human,
  title={Human sensitivity to flicker},
  author={Brundrett, GW},
  journal={Lighting Research and Technology},
  volume={6},
  number={3},
  pages={127--143},
  year={1974},
  publisher={SAGE Publications}
}


@article{buffenstein2002naked,
  title={The naked mole rat--a new record for the oldest living rodent},
  author={Buffenstein, Rochelle and Jarvis, Jennifer UM},
  journal={Science's SAGE KE},
  volume={2002},
  number={21},
  pages={7},
  year={2002},
  publisher={AAAS}
}


@book{burnham2002model,
  title={Model selection and multimodel inference: a practical information-theoretic approach},
  author={Burnham, Kenneth P and Anderson, David R},
  year={2002},
  publisher={Springer Science \& Business Media}
}


@article{burton2008scaling,
  title={The scaling of eye size in adult birds: relationship to brain, head and body sizes},
  author={Burton, Richard F},
  journal={Vision research},
  volume={48},
  number={22},
  pages={2345--2351},
  year={2008},
  publisher={Elsevier}
}


@article{bushnell1989metabolic,
  title={The metabolic rate of an active, tropical elasmobranch, the lemon shark (Negaprion brevirostris)},
  author={Bushnell, PG and Lutz, PL and Gruber, SH},
  journal={Exp. Biol},
  volume={48},
  number={2},
  year={1989}
}


@article{byrnes2011ecological,
  title={Ecological and biomechanical insights into the evolution of gliding in mammals},
  author={Byrnes, Greg and Spence, Andrew J},
  journal={Integrative and comparative biology},
  pages={icr069},
  year={2011},
  publisher={Soc Integ Comp Biol}
}


@article{carey1982brain,
  title={A brain heater in the swordfish},
  author={Carey, Francis G},
  journal={Science},
  volume={216},
  number={4552},
  pages={1327--1329},
  year={1982},
  publisher={American Association for the Advancement of Science}
}


@BOOK{calder1996size,
  title = {Size, function, and life history},
  publisher = {Courier Dover Publications},
  year = {1996},
  author = {Calder, William A}
}


@article{caldwell2015oldest,
  title={The oldest known snakes from the Middle Jurassic-Lower Cretaceous provide insights on snake evolution},
  author={Caldwell, Michael W and Nydam, Randall L and Palci, Alessandro and Apestegu{\'\i}a, Sebasti{\'a}n},
  journal={Nature communications},
  volume={6},
  year={2015},
  publisher={Nature Publishing Group}
}


@article{callahan2000psychophysical,
  title={Psychophysical measurement of temporal modulation sensitivity in the tree shrew (Tupaia belangeri)},
  author={Callahan, Tricia L and Petry, Heywood M},
  journal={Vision research},
  volume={40},
  number={4},
  pages={455--458},
  year={2000},
  publisher={Elsevier}
}


@article{carlson1999oxygen,
  title={Oxygen consumption rate and swimming efficiency of the blacknose shark, Carcharhinus acronotus},
  author={Carlson, John K and Palmer, Christopher L and Parsons, Glenn R},
  journal={Copeia},
  pages={34--39},
  year={1999},
  publisher={JSTOR}
}


@article{carvalho2002ontogenetic,
  title={Ontogenetic improvement of visual function in the medaka Oryzias latipes based on an optomotor testing system for larval and adult fish},
  author={Carvalho, Paulo SM and Noltie, Douglas B and Tillitt, Donald E},
  journal={Animal Behaviour},
  volume={64},
  number={1},
  pages={1--10},
  year={2002},
  publisher={Elsevier}
}


@article{carvalho2004biochemical,
  title={Biochemical, histological and behavioural aspects of visual function during early development of rainbow trout},
  author={Carvalho, PSM and Noltie, DB and Tillitt, DE},
  journal={Journal of fish biology},
  volume={64},
  number={4},
  pages={833--850},
  year={2004},
  publisher={Wiley Online Library}
}


@book{carwardine1995guinness,
  title={The Guinness book of animal records},
  author={Carwardine, Mark},
  year={1995},
  publisher={Guinness Publishing}
}


@article{casewell2013complex,
  title={Complex cocktails: the evolutionary novelty of venoms},
  author={Casewell, Nicholas R and W{\"u}ster, Wolfgang and Vonk, Freek J and Harrison, Robert A and Fry, Bryan G},
  journal={Trends in ecology \& evolution},
  volume={28},
  number={4},
  pages={219--229},
  year={2013},
  publisher={Elsevier}
}


@article{chatterjee2007aerodynamics,
  title={The aerodynamics of Argentavis, the world's largest flying bird from the Miocene of Argentina},
  author={Chatterjee, Sankar and Templin, R Jack and Campbell, Kenneth E},
  journal={Proceedings of the National Academy of Sciences},
  volume={104},
  number={30},
  pages={12398--12403},
  year={2007},
  publisher={National Acad Sciences}
}


@article{clark2012field,
  title={Field video recordings reveal factors influencing predatory strike success of free-ranging rattlesnakes (Crotalus spp.)},
  author={Clark, Rulon W and Tangco, Sean and Barbour, Matthew A},
  journal={Animal Behaviour},
  volume={84},
  number={1},
  pages={183--190},
  year={2012},
  publisher={Elsevier}
}


@article{coile1989behavioral,
  title={Behavioral determination of critical flicker fusion in dogs},
  author={Coile, D Caroline and Pollitz, Celia H and Smith, James C},
  journal={Physiology \& behavior},
  volume={45},
  number={6},
  pages={1087--1092},
  year={1989},
  publisher={Elsevier}
}


@article{collette1983fao,
  title={FAO species volume 2. Scombrids of the world. An annotated and illustrated catalogue of tunas, mackerels, bonitos and related species known to date},
  author={Collette, B and Nauen, C},
  journal={FAO Fisheries Synopsis},
  volume={125},
  year={1983}
}

@article{couzin2002collective,
  title={The collective behaviour of animal groups in three dimensional space},
  author={Couzin, ID and Krause, J and James, R and Ruxton, GD and Franks, NR},
  journal={Journal of Theoretical Biology},
  volume={218},
  pages={1--11},
  year={2002}
}


@article{couzin2009collective,
  title={Collective cognition in animal groups},
  author={Couzin, Iain D},
  journal={Trends in cognitive sciences},
  volume={13},
  number={1},
  pages={36--43},
  year={2009},
  publisher={Elsevier}
}


@book{cramp1977handbook,
  title={Handbook of the birds of Europe, the Middle East, and North Africa: the birds of the western Palearctic. Vol. 1, Ostrich to ducks},
  author={Cramp, Stanley},
  year={1977},
  publisher={Oxford University Press}
}


@article{crevier1998synchronous,
  title={Synchronous period-doubling in flicker vision of salamander and man},
  author={Crevier, Daniel W and Meister, Markus},
  journal={Journal of Neurophysiology},
  volume={79},
  number={4},
  pages={1869--1878},
  year={1998},
  publisher={Am Physiological Soc}
}


@article{crile1940record,
  title={A record of the body weight and certain organ and gland weights of 3690 animals.},
  author={Crile, George and Quiring, Daniel Paul and others},
  journal={Ohio Journal of Science},
  volume={40},
  pages={219--260},
  year={1940}
}


@article{crognale2008leatherback,
  title={Leatherback sea turtle Dermochelys coriacea visual capacities and potential reduction of bycatch by pelagic longline fisheries},
  author={Crognale, Michael A and Eckert, Scott A and Levenson, David H and Harms, Craig A},
  journal={Endangered Species Research},
  volume={5},
  pages={249--256},
  year={2008}
}


@article{cronin2005role,
  title={The role of vision in predatore prey interactions},
  author={Cronin, TW},
  journal={Ecology of Predator},
  pages={1},
  year={2005}
}


@ARTICLE{dall2005information,
  author = {Dall, Sasha RX and Giraldeau, Luc-Alain and Olsson, Ola and McNamara,
	John M and Stephens, David W},
  title = {Information and its use by animals in evolutionary ecology},
  journal = {Trends in Ecology \& Evolution},
  year = {2005},
  volume = {20},
  pages = {187--193},
  number = {4},
  publisher = {Elsevier}
}


@article{daltry1996diet,
  title={Diet and snake venom evolution},
  author={Daltry, Jennifer C and W{\"u}ster, Wolfgang and Thorpe, Roger S},
  journal={Nature},
  volume={379},
  number={6565},
  pages={537--540},
  year={1996}
}


@article{d1998can,
  title={Can video images imitate real stimuli in animal behaviour experiments?},
  author={D'EATH, RICHARD B},
  journal={Biological Reviews},
  volume={73},
  number={3},
  pages={267--292},
  year={1998},
  publisher={Wiley Online Library}
}


@ARTICLE{de2009database,
  author = {De Magalhaes, JP and Costa, J},
  title = {A database of vertebrate longevity records and their relation to
	other life-history traits},
  journal = {Journal of Evolutionary Biology},
  year = {2009},
  volume = {22},
  pages = {1770--1774},
  number = {8},
  publisher = {Wiley Online Library}
}


@article{de2007analysis,
  title={An analysis of the relationship between metabolism, developmental schedules, and longevity using phylogenetic independent contrasts},
  author={De Magalh{\~a}es, Jo{\~a}o Pedro and Costa, Joana and Church, George M},
  journal={The Journals of Gerontology Series A: Biological Sciences and Medical Sciences},
  volume={62},
  number={2},
  pages={149--160},
  year={2007},
  publisher={Oxford University Press}
}


@article{depczynski2005shortest,
  title={Shortest recorded vertebrate lifespan found in a coral reef fish},
  author={Depczynski, Martial and Bellwood, David R},
  journal={Current Biology},
  volume={15},
  number={8},
  pages={R288--R289},
  year={2005},
  publisher={Cell Press}
}


@article{de2012loom,
  title={Loom-sensitive neurons link computation to action in the Drosophila visual system},
  author={de Vries, Saskia EJ and Clandinin, Thomas R},
  journal={Current Biology},
  volume={22},
  number={5},
  pages={353--362},
  year={2012},
  publisher={Elsevier}
}


@article{dewar1994studies,
  title={Studies of tropical tuna swimming performance in a large water tunnel-energetics},
  author={Dewar, Heidi and Graham, J},
  journal={The Journal of experimental biology},
  volume={192},
  number={1},
  pages={13--31},
  year={1994},
  publisher={The Company of Biologists Ltd}
}


@article{domenici1997kinematics,
  title={The kinematics and performance of fish fast-start swimming},
  author={Domenici, Paolo and Blake, R},
  journal={Journal of Experimental Biology},
  volume={200},
  number={8},
  pages={1165--1178},
  year={1997},
  publisher={The Company of Biologists Ltd}
}


@article{dudley2002mechanisms,
  title={Mechanisms and implications of animal flight maneuverability},
  author={Dudley, Robert},
  journal={Integrative and Comparative Biology},
  volume={42},
  number={1},
  pages={135--140},
  year={2002},
  publisher={Soc Integ Comp Biol}
}


@article{eckert2006sensory,
  title={The sensory biology of sea turtles: what can they see, and how can this help them avoid fishing gear},
  author={Eckert, Scott and Levenson, D and Crognale, M},
  journal={Sea Turtle and Pelagic Fish Sensory Biology: Developing Techniques to Reduce Sea Turtle Bycatch in Longline Fisheries},
  pages={8e16},
  year={2006},
  publisher={US Department of Commerce Washington DC}
}


@article{elgar1987basal,
  title={Basal metabolic rates in mammals: allometry, phylogeny and ecology},
  author={Elgar, MA and Harvey, P Ho},
  journal={Functional Ecology},
  pages={25--36},
  year={1987},
  publisher={JSTOR}
}


@article{faria2010novel,
  title={A novel method for investigating the collective behaviour of fish: introducing ‘Robofish’},
  author={Faria, Jolyon J and Dyer, John RG and Cl{\'e}ment, Romain O and Couzin, Iain D and Holt, Natalie and Ward, Ashley JW and Waters, Dean and Krause, Jens},
  journal={Behavioral Ecology and Sociobiology},
  volume={64},
  number={8},
  pages={1211--1218},
  year={2010},
  publisher={Springer}
}


@article{faulkes2015molecular,
  title={Molecular evolution of the hyaluronan synthase 2 gene in mammals: implications for adaptations to the subterranean niche and cancer resistance},
  author={Faulkes, Christopher G and Davies, Kalina TJ and Rossiter, Stephen J and Bennett, Nigel C},
  journal={Biology letters},
  volume={11},
  number={5},
  pages={20150185},
  year={2015},
  publisher={The Royal Society}
}


@article{ferry1892persistence,
  title={Persistence of vision},
  author={Ferry, Ervin Sidney},
  journal={American Journal of Science},
  number={261},
  pages={192--207},
  year={1892},
  publisher={American Journal of Science}
}


@article{fleishman1995comparative,
  title={Comparative study of temporal response properties of the visual system of three species of anoline lizards},
  author={Fleishman, Leo J and Marshall, Catherine J and Hertz, Paul E},
  journal={Copeia},
  pages={422--431},
  year={1995},
  publisher={JSTOR}
}


@article{folkow2004distribution,
  title={Distribution and diving behaviour of harp seals (Pagophilus groenlandicus) from the Greenland Sea stock},
  author={Folkow, Lars P and Nord{\o}y, Erling S and Blix, Arnoldus S},
  journal={Polar Biology},
  volume={27},
  number={5},
  pages={281--298},
  year={2004},
  publisher={Springer}
}


@article{frank1999comparative,
  title={Comparative study of temporal resolution in the visual systems of mesopelagic crustaceans},
  author={Frank, Tamara M},
  journal={The Biological Bulletin},
  volume={196},
  number={2},
  pages={137--144},
  year={1999},
  publisher={MBL}
}


@article{folkow2004distribution,
  title={Distribution and diving behaviour of harp seals (Pagophilus groenlandicus) from the Greenland Sea stock},
  author={Folkow, Lars P and Nord{\o}y, Erling S and Blix, Arnoldus S},
  journal={Polar Biology},
  volume={27},
  number={5},
  pages={281--298},
  year={2004},
  publisher={Springer}
}


@article{floreano2010evolution,
  title={Evolution of adaptive behaviour in robots by means of Darwinian selection},
  author={Floreano, Dario and Keller, Laurent},
  journal={PLoS biology},
  volume={8},
  number={1},
  pages={e1000292},
  year={2010},
  publisher={Public Library of Science}
}


@article{frank1999comparative,
  title={Comparative study of temporal resolution in the visual systems of mesopelagic crustaceans},
  author={Frank, Tamara M},
  journal={The Biological Bulletin},
  volume={196},
  number={2},
  pages={137--144},
  year={1999},
  publisher={MBL}
}


@article{frank2012light,
  title={Light and vision in the deep-sea benthos: II. Vision in deep-sea crustaceans},
  author={Frank, Tamara M and Johnsen, S{\"o}nke and Cronin, Thomas W},
  journal={The Journal of experimental biology},
  volume={215},
  number={19},
  pages={3344--3353},
  year={2012},
  publisher={The Company of Biologists Ltd}
}


@article{franz2002temperature,
  title={Temperature dependence of temporal resolution in an insect nervous system},
  author={Franz, A and Ronacher, B},
  journal={Journal of Comparative Physiology A},
  volume={188},
  number={4},
  pages={261--271},
  year={2002},
  publisher={Springer}
}


@article{freckleton2009seven,
  title={The seven deadly sins of comparative analysis},
  author={Freckleton, RP},
  journal={Journal of evolutionary biology},
  volume={22},
  number={7},
  pages={1367--1375},
  year={2009},
  publisher={Wiley Online Library}
}


@article{fritsches2005warm,
  title={Warm eyes provide superior vision in swordfishes},
  author={Fritsches, Kerstin A and Brill, Richard W and Warrant, Eric J},
  journal={Current Biology},
  volume={15},
  number={1},
  pages={55--58},
  year={2005},
  publisher={Elsevier}
}


@article{froese2012fishbase,
  title={FishBase (www. fishbase. org)},
  author={Froese, Rainer and Pauly, D},
  journal={World wide web electronic publication},
  year={2012}
}


@book{fry2010kingfishers,
  title={Kingfishers, bee-eaters and rollers},
  author={Fry, C Hilary and Fry, Kathie},
  year={2010},
  publisher={A\&C Black}
}


@article{fry2012structural,
  title={The structural and functional diversification of the Toxicofera reptile venom system},
  author={Fry, Bryan G and Casewell, Nicholas R and W{\"u}ster, Wolfgang and Vidal, Nicolas and Young, Bruce and Jackson, Timothy NW},
  journal={Toxicon},
  volume={60},
  number={4},
  pages={434--448},
  year={2012},
  publisher={Elsevier}
}


@article{ganey1993metabolic,
  title={Metabolic rate and evaporative water loss of Mexican spotted and great horned owls},
  author={Ganey, Joseph L and Balda, Russell P and King, Rudy M},
  journal={The Wilson Bulletin},
  pages={645--656},
  year={1993},
  publisher={JSTOR}
}

@article{garamszegi2002coevolving,
  title={Coevolving avian eye size and brain size in relation to prey capture and nocturnality},
  author={Garamszegi, Laszlo Zsolt and M{\o}ller, Anders Pape and Erritz{\o}e, Johannes},
  journal={Proceedings of the Royal Society of London B: Biological Sciences},
  volume={269},
  number={1494},
  pages={961--967},
  year={2002},
  publisher={The Royal Society}
}


@article{georges2006estimating,
  title={Estimating body mass in the leatherback turtle Dermochelys coriacea},
  author={Georges, Jean-Yves and Fossette, Sabrina},
  journal={arXiv preprint q-bio/0611055},
  year={2006}
}


@article{gelman1992inference,
  title={Inference from iterative simulation using multiple sequences},
  author={Gelman, Andrew and Rubin, Donald B},
  journal={Statistical science},
  pages={457--472},
  year={1992},
  publisher={JSTOR}
}


@article{gilbert1997visual,
  title={Visual control of cursorial prey pursuit by tiger beetles (Cicindelidae)},
  author={Gilbert, Cole},
  journal={Journal of Comparative Physiology A},
  volume={181},
  number={3},
  pages={217--230},
  year={1997},
  publisher={Springer}
}


@article{ginsburg1971measuring,
  title={MEASURING FLICKER THRESHOLDS IN THE BUDGERIGAR1},
  author={Ginsburg, Norman and Nilsson, Virginia},
  journal={Journal of the experimental analysis of behavior},
  volume={15},
  number={2},
  pages={189--192},
  year={1971},
  publisher={Wiley Online Library}
}


@article{graber1962food,
  title={Food and oxygen consumption in three species of owls (Strigidae)},
  author={Graber, Richard R},
  journal={Condor},
  pages={473--487},
  year={1962},
  publisher={JSTOR}
}


@article{green1975double,
  title={Double branched flicker fusion curves from the all-rod skate retina},
  author={Green, Daniel G and Siegel, Irwin M},
  journal={Science},
  volume={188},
  number={4193},
  pages={1120--1122},
  year={1975},
  publisher={American Association for the Advancement of Science}
}


@book{greene1997snakes,
  title={Snakes: the evolution of mystery in nature},
  author={Greene, Harry W},
  year={1997},
  publisher={Univ of California Press}
}


@article{greenwood2004does,
  title={Does the flicker frequency of fluorescent lighting affect the welfare of captive European starlings?},
  author={Greenwood, Verity J and Smith, Emma L and Goldsmith, Arthur R and Cuthill, Innes C and Crisp, Louisa H and Walter-Swan, Mark B and Bennett, Andrew TD},
  journal={Applied Animal Behaviour Science},
  volume={86},
  number={1},
  pages={145--159},
  year={2004},
  publisher={Elsevier}
}


@phdthesis{gruber1970physiology,
  title={The physiology of vision in the lemon shark, Negaprion brevirostris (poey): A behavioral analysis.},
  author={Gruber, Samuel H},
  year={1970},
  school={ProQuest Information \& Learning}
}


@article{haddock2005bioluminescent,
  title={Bioluminescent and red-fluorescent lures in a deep-sea siphonophore},
  author={Haddock, Steven HD and Dunn, Casey W and Pugh, Philip R and Schnitzler, Christine E},
  journal={Science},
  volume={309},
  number={5732},
  pages={263--263},
  year={2005},
  publisher={American Association for the Advancement of Science}
}


@article{hagura2012ready,
  title={Ready steady slow: action preparation slows the subjective passage of time},
  author={Hagura, Nobuhiro and Kanai, Ryota and Orgs, Guido and Haggard, Patrick},
  journal={Proceedings of the Royal Society B: Biological Sciences},
  pages={rspb20121339},
  year={2012},
  publisher={The Royal Society}
}


@article{hanyu1963flicker,
  title={Flicker fusion frequency of electroretinogram in light-adapted goldfish at various temperatures},
  author={Hanyu, Isao and Ali, MA},
  journal={Science},
  volume={140},
  number={3567},
  pages={662--663},
  year={1963},
  publisher={American Association for the Advancement of Science}
}


@article{hadfield2010mcmc,
  title={MCMC methods for multi-response generalized linear mixed models: the MCMCglmm R package},
  author={Hadfield, Jarrod D and others},
  journal={Journal of Statistical Software},
  volume={33},
  number={2},
  pages={1--22},
  year={2010}
}


@article{harte2008maximum,
  title={Maximum entropy and the state-variable approach to macroecology},
  author={Harte, J and Zillio, T and Conlisk, E and Smith, AB},
  journal={Ecology},
  volume={89},
  number={10},
  pages={2700--2711},
  year={2008},
  publisher={Eco Soc America}
}


@ARTICLE{haskell2002fractal,
  author = {Haskell, John P and Ritchie, Mark E and Olff, Han},
  title = {Fractal geometry predicts varying body size scaling relationships
  for mammal and bird home ranges},
  journal = {Nature},
  year = {2002},
  volume = {418},
  pages = {527--530},
  number = {6897},
  publisher = {Nature Publishing Group}
}


@article{hayes1995venom,
  title={Venom metering by juvenile prairie rattlesnakes, Crotalus v. viridis: effects of prey size and experience},
  author={HAYES, WILLIAM K},
  journal={Animal Behaviour},
  volume={50},
  number={1},
  pages={33--40},
  year={1995},
  publisher={Elsevier}
}


@article{healy2013metabolic,
  title={Metabolic rate and body size are linked with perception of temporal information},
  author={Healy, Kevin and McNally, Luke and Ruxton, Graeme D and Cooper, Natalie and Jackson, Andrew L},
  journal={Animal behaviour},
  volume={86},
  number={4},
  pages={685--696},
  year={2013},
  publisher={Elsevier}
}


@article{healy2014ecology,
  title={Ecology and mode-of-life explain lifespan variation in birds and mammals},
  author={Healy, Kevin and Guillerme, Thomas and Finlay, Sive and Kane, Adam and Kelly, Se{\'a}n BA and McClean, Deirdre and Kelly, David J and Donohue, Ian and Jackson, Andrew L and Cooper, Natalie},
  journal={Proceedings of the Royal Society B: Biological Sciences},
  volume={281},
  number={1784},
  pages={20140298},
  year={2014},
  publisher={The Royal Society}
}


@article{healy2015eusociality,
  title={Eusociality but not fossoriality drives longevity in small mammals},
  author={Healy, Kevin},
  journal={Proceedings of the Royal Society of London B: Biological Sciences},
  volume={282},
  number={1806},
  pages={20142917},
  year={2015},
  publisher={The Royal Society}
}


@article{hedges2006timetree,
  title={TimeTree: a public knowledge-base of divergence times among organisms},
  author={Hedges, S Blair and Dudley, Joel and Kumar, Sudhir},
  journal={Bioinformatics},
  volume={22},
  number={23},
  pages={2971--2972},
  year={2006},
  publisher={Oxford Univ Press}
}


@article{hedrick2011damping,
  title={Damping in flapping flight and its implications for manoeuvring, scaling and evolution},
  author={Hedrick, Tyson L},
  journal={The Journal of experimental biology},
  volume={214},
  number={24},
  pages={4073--4081},
  year={2011},
  publisher={The Company of Biologists Ltd}
}


@article{heglund1988speed,
  title={Speed, stride frequency and energy cost per stride: how do they change with body size and gait?},
  author={Heglund, Norman C and Taylor, C Richard},
  journal={Journal of Experimental Biology},
  volume={138},
  number={1},
  pages={301--318},
  year={1988},
  publisher={The Company of Biologists Ltd}
}


@article{herbert2011inferring,
  title={Inferring the rules of interaction of shoaling fish},
  author={Herbert-Read, James E and Perna, Andrea and Mann, Richard P and Schaerf, Timothy M and Sumpter, David JT and Ward, Ashley JW},
  journal={Proceedings of the National Academy of Sciences},
  volume={108},
  number={46},
  pages={18726--18731},
  year={2011},
  publisher={National Acad Sciences}
}


@article{herculano2006cellular,
  title={Cellular scaling rules for rodent brains},
  author={Herculano-Houzel, Suzana and Mota, Bruno and Lent, Roberto},
  journal={Proceedings of the National Academy of Sciences},
  volume={103},
  number={32},
  pages={12138--12143},
  year={2006},
  publisher={National Acad Sciences}
}


@article{herrel2010sexual,
  title={Sexual dimorphism, body size, bite force and male mating success in tuatara},
  author={Herrel, Anthony and Moore, Jennifer A and Bredeweg, Evan M and Nelson, Nicola J},
  journal={Biological Journal of the Linnean Society},
  volume={100},
  number={2},
  pages={287--292},
  year={2010},
  publisher={Wiley Online Library}
}


@article{holloway1980within,
  title={Within-species brain-body weight variability: A reexamination of the Danish data and other primate species},
  author={Holloway, Ralph L},
  journal={American Journal of Physical Anthropology},
  volume={53},
  number={1},
  pages={109--121},
  year={1980},
  publisher={Wiley Online Library}
}


@article{holmes1994fly,
  title={Fly now, die later: life-history correlates of gliding and flying in mammals},
  author={Holmes, Donna J and Austad, Steven N},
  journal={Journal of Mammalogy},
  pages={224--226},
  year={1994},
  publisher={JSTOR}
}


@article{holmes2003birds,
  title={Birds as long-lived animal models for the study of aging},
  author={Holmes, DJ and Ottinger, MA},
  journal={Experimental gerontology},
  volume={38},
  number={11},
  pages={1365--1375},
  year={2003},
  publisher={Elsevier}
}


@article{hornstein2000sexual,
  title={Sexual dimorphism matches photoreceptor performance to behavioural requirements},
  author={Hornstein, EP and O'Carroll, DC and Anderson, JC and Laughlin, SB},
  journal={Proceedings of the Royal Society of London. Series B: Biological Sciences},
  volume={267},
  number={1457},
  pages={2111--2117},
  year={2000},
  publisher={The Royal Society}
}


@article{hossie2013species,
  title={Species with a chemical defence, but not chemical offence, live longer},
  author={Hossie, Thomas J and Hassall, Christopher and Knee, Wayne and Sherratt, Thomas N},
  journal={Journal of evolutionary biology},
  volume={26},
  number={7},
  pages={1598--1602},
  year={2013},
  publisher={Wiley Online Library}
}


@article{hove1997effect,
  title={Effect of MS-222 on response to light and rate of metabolism of the little skate Raja erinacea},
  author={Hove, JR and Moss, SA},
  journal={Marine Biology},
  volume={128},
  number={4},
  pages={579--583},
  year={1997},
  publisher={Springer}
}

@article{howland1974optimal,
  title={Optimal strategies for predator avoidance: the relative importance of speed and manoeuvrability},
  author={Howland, Howard C},
  journal={Journal of theoretical Biology},
  volume={47},
  number={2},
  pages={333--350},
  year={1974},
  publisher={Elsevier}
}


@ARTICLE{howland2004allometry,
  author = {Howland, Howard C and Merola, Stacey and Basarab, Jennifer R},
  title = {The allometry and scaling of the size of vertebrate eyes},
  journal = {Vision research},
  year = {2004},
  volume = {44},
  pages = {2043--2065},
  number = {17},
  publisher = {Elsevier}
}


@book{hoyo1992handbook,
  title={Handbook of the Birds of the World: Vol 1: Ostrich to Ducks},
  author={Hoyo, J del and Elliott, A and Sargatal, Jordi},
  year={1992},
  publisher={Lynx}
}



@inproceedings{hudson1972comparative,
  title={A comparative study of temperature regulation in ground squirrels with special reference to the desert species},
  author={Hudson, JW and Deavers, DR and Bradley, SR},
  booktitle={Symposia of the Zoological Society of London},
  volume={31},
  pages={191--213},
  year={1972}
}

@book{hughes1977topography,
  title={The topography of vision in mammals of contrasting life style: comparative optics and retinal organisation},
  author={Hughes, Austin},
  year={1977},
  publisher={Springer}
}


@book{hurlburt1996relative,
  title={Relative brain size in recent and fossil amniotes: determination and interpretation},
  author={Hurlburt, Grant Richard},
  year={1996}
}


@article{hulbert2007life,
  title={Life and death: metabolic rate, membrane composition, and life span of animals},
  author={Hulbert, AJ and Pamplona, Reinald and Buffenstein, Rochelle and Buttemer, WA},
  journal={Physiological Reviews},
  volume={87},
  number={4},
  pages={1175--1213},
  year={2007},
  publisher={Am Physiological Soc}
}


@article{inger2014potential,
  title={Potential biological and ecological effects of flickering artificial light},
  author={Inger, Richard and Bennie, Jonathan and Davies, Thomas W and Gaston, Kevin J},
  journal={PloS one},
  volume={9},
  number={5},
  pages={e98631},
  year={2014},
  publisher={Public Library of Science}
}


@article{iwaniuk2002can,
  title={Can endocranial volume be used as an estimate of brain size in birds?},
  author={Iwaniuk, Andrew N and Nelson, John E},
  journal={Canadian Journal of Zoology},
  volume={80},
  number={1},
  pages={16--23},
  year={2002},
  publisher={NRC Research Press}
}


@article{jansa2011adaptive,
  title={Adaptive evolution of the venom-targeted vWF protein in opossums that eat pitvipers},
  author={Jansa, Sharon A and Voss, Robert S},
  journal={PLoS One},
  volume={6},
  number={6},
  pages={e20997},
  year={2011},
  publisher={Public Library of Science}
}


@article{jackson1979ventilation,
  title={Ventilation and gas exchange during rest and exercise in adult green sea turtles},
  author={Jackson, Donald C and Prange, Henry D},
  journal={Journal of comparative physiology},
  volume={134},
  number={4},
  pages={315--319},
  year={1979},
  publisher={Springer}
}


@book{janossy2011pleistocene,
  title={Pleistocene vertebrate faunas of Hungary},
  author={J{\'a}nossy, D{\'e}nes},
  year={2011},
  publisher={Elsevier}
}


@article{jones1976metabolic,
  title={Metabolic and cardiovascular adaptations in the western chipmunks, genusEutamias},
  author={Jones, Douglas L and Wang, LC-H},
  journal={Journal of comparative physiology},
  volume={105},
  number={2},
  pages={219--231},
  year={1976},
  publisher={Springer}
}


@article{jones1994foraging,
  title={Foraging strategy and predation risk as factors influencing emergence time in echolocating bats},
  author={Jones, Gareth and Rydell, Jens},
  journal={Philosophical Transactions of the Royal Society B: Biological Sciences},
  volume={346},
  number={1318},
  pages={445--455},
  year={1994},
  publisher={The Royal Society}
}


@article{jetz2012global,
  title={The global diversity of birds in space and time},
  author={Jetz, W and Thomas, GH and Joy, JB and Hartmann, K and Mooers, AO},
  journal={Nature},
  volume={491},
  number={7424},
  pages={444--448},
  year={2012},
  publisher={Nature Publishing Group}
}


@ARTICLE{jones2009pantheria,
  author = {Jones, Kate E and Bielby, Jon and Cardillo, Marcel and Fritz, Susanne
	A and O'Dell, Justin and Orme, C David L and Safi, Kamran and Sechrest,
	Wes and Boakes, Elizabeth H and Carbone, Chris and others},
  title = {PanTHERIA: a species-level database of life history, ecology, and
	geography of extant and recently extinct mammals: Ecological Archives
	E090-184},
  journal = {Ecology},
  year = {2009},
  volume = {90},
  pages = {2648--2648},
  number = {9},
  publisher = {Eco Soc America}
}


@article{jordan2013linking,
  title={Linking sensory biology and fisheries bycatch reduction in elasmobranch fishes: a review with new directions for research},
  author={Jordan, Laura K and Mandelman, John W and McComb, D Michelle and Fordham, Sonja V and Carlson, John K and Werner, Timothy B},
  journal={Conservation Physiology},
  volume={1},
  number={1},
  pages={cot002},
  year={2013},
  publisher={Oxford University Press}
}


@article{kalinoski2014spectral,
  title={Spectral sensitivity, luminous sensitivity, and temporal resolution of the visual systems in three sympatric temperate coastal shark species},
  author={Kalinoski, Mieka and Hirons, Amy and Horodysky, Andrij and Brill, Richard},
  journal={Journal of Comparative Physiology A},
  volume={200},
  number={12},
  pages={997--1013},
  year={2014},
  publisher={Springer}
}


@article{keller1997extraordinary,
  title={Extraordinary lifespans in ants: a test of evolutionary theories of ageing},
  author={Keller, Laurent and Genoud, Michel},
  journal={Nature},
  volume={389},
  number={6654},
  pages={958--960},
  year={1997},
  publisher={Nature Publishing Group}
}



@article{kendall1983comparative,
  title={Comparative digestible energy requirements of adult beagles and domestic cats for body weight maintenance.},
  author={Kendall, Peter T and Blaza, Sandra E and Smith, PM},
  journal={The Journal of nutrition},
  volume={113},
  number={10},
  pages={1946--1955},
  year={1983}
}


@book{kooijman2009dynamic,
  title={Dynamic energy budget theory for metabolic organisation},
  author={Kooijman, Sebastiaan Adriaan Louis Maria},
  year={2009},
  publisher={Cambridge university press}
}


@article{kreysing2012photonic,
  title={Photonic crystal light collectors in fish retina improve vision in turbid water},
  author={Kreysing, Moritz and Pusch, Roland and Haverkate, Dorothee and Landsberger, Meik and Engelmann, Jacob and Ruiter, Janina and Mora-Ferrer, Carlos and Ulbricht, Elke and Grosche, Jens and Franze, Kristian and others},
  journal={Science},
  volume={336},
  number={6089},
  pages={1700--1703},
  year={2012},
  publisher={American Association for the Advancement of Science}
}


@article{kuhn2011simple,
  title={A simple polytomy resolver for dated phylogenies},
  author={Kuhn, Tyler S and Mooers, Arne {\O} and Thomas, Gavin H},
  journal={Methods in Ecology and Evolution},
  volume={2},
  number={5},
  pages={427--436},
  year={2011},
  publisher={Wiley Online Library}
}


@article{land1974chasing,
  title={Chasing behaviour of houseflies (Fannia canicularis)},
  author={Land, Michael F and Collett, TS},
  journal={Journal of comparative physiology},
  volume={89},
  number={4},
  pages={331--357},
  year={1974},
  publisher={Springer}
}


@article{landgren2014visual,
  title={The visual ecology of a deep-sea fish, the escolar Lepidocybium flavobrunneum (Smith, 1843)},
  author={Landgren, Eva and Fritsches, Kerstin and Brill, Richard and Warrant, Eric},
  journal={Philosophical Transactions of the Royal Society B: Biological Sciences},
  volume={369},
  number={1636},
  pages={20130039},
  year={2014},
  publisher={The Royal Society}
}



@article{laughlin2001energy,
  title={Energy as a constraint on the coding and processing of sensory information},
  author={Laughlin, Simon B},
  journal={Current opinion in neurobiology},
  volume={11},
  number={4},
  pages={475--480},
  year={2001},
  publisher={Elsevier}
}


@article{laughlin1993fast,
  title={Fast and slow photoreceptors—a comparative study of the functional diversity of coding and conductances in the Diptera},
  author={Laughlin, SB and Weckstr{\"o}m, M},
  journal={Journal of Comparative Physiology A},
  volume={172},
  number={5},
  pages={593--609},
  year={1993},
  publisher={Springer}
}


@article{letourneur1998length,
  title={Length-weight relationship of fishes from coral reefs and lagoons of New Caledonia: An update},
  author={Letourneur, Y and Kulbicki, Michel and Labrosse, P},
  journal={Naga, The ICLARM Quarterly},
  volume={21},
  number={4},
  pages={39--46},
  year={1998}
}


@article{levenson2004photopic,
  title={Photopic spectral sensitivity of green and loggerhead sea turtles},
  author={Levenson, DH and Eckert, SA and Crognale, MA and Deegan II, JF and Jacobs, GH},
  journal={Journal Information},
  volume={2004},
  number={4},
  year={2004}
}


@article{li2005eggs,
  title={Eggs-only diet: its implications for the toxin profile changes and ecology of the marbled sea snake (Aipysurus eydouxii)},
  author={Li, Min and Fry, BG and Kini, R Manjunatha},
  journal={Journal of Molecular Evolution},
  volume={60},
  number={1},
  pages={81--89},
  year={2005},
  publisher={Springer}
}


@article{li2008optimal,
  title={Optimal data partitioning and a test case for ray-finned fishes (Actinopterygii) based on ten nuclear loci},
  author={Li, Chenhong and Lu, Guoqing and Orti, Guillermo},
  journal={Systematic Biology},
  volume={57},
  number={4},
  pages={519--539},
  year={2008},
  publisher={Oxford University Press}
}


@article{lillywhite2002patterns,
  title={Patterns of gut passage time and the chronic retention of fecal mass in viperid snakes},
  author={Lillywhite, HARVEY B and de Delva, PIERRE and Noonan, BRICE P and Schuett, GW and H{\"o}ggren, M and Douglas, ME and Greene, HW},
  journal={Biology of the vipers},
  pages={497--506},
  year={2002}
}


@article{lim2010phylogeny,
  title={Phylogeny of hammerhead sharks (Family Sphyrnidae) inferred from mitochondrial and nuclear genes},
  author={Lim, Douglas D and Motta, Philip and Mara, Kyle and Martin, Andrew P},
  journal={Molecular phylogenetics and evolution},
  volume={55},
  number={2},
  pages={572--579},
  year={2010},
  publisher={Elsevier}
}


@article{lindstedt1981body,
  title={Body size, physiological time, and longevity of homeothermic animals},
  author={Lindstedt, SL and Calder III, WA},
  journal={Quarterly Review of Biology},
  pages={1--16},
  year={1981},
  publisher={JSTOR}
}


@article{lisney2011behavioural,
  title={Behavioural assessment of flicker fusion frequency in chicken Gallus gallus domesticus},
  author={Lisney, Thomas J and Rubene, Diana and R{\'o}zsa, Jani and L{\o}vlie, Hanne and H{\aa}stad, Olle and {\"O}deen, Anders},
  journal={Vision research},
  volume={51},
  number={12},
  pages={1324--1332},
  year={2011},
  publisher={Elsevier}
}


@article{little2010evolutionary,
  title={Evolutionary affinity of billfishes (Xiphiidae and Istiophoridae) and flatfishes (Plueronectiformes): Independent and trans-subordinal origins of endothermy in teleost fishes},
  author={Little, AG and Lougheed, SC and Moyes, CD},
  journal={Molecular Phylogenetics and Evolution},
  volume={56},
  number={3},
  pages={897--904},
  year={2010},
  publisher={Elsevier}
}


@article{loop1975temporal,
  title={Temporal modulation sensitivity of the cat—I: Behavioral measures},
  author={Loop, Michael S and Berkley, Mark A},
  journal={Vision research},
  volume={15},
  number={5},
  pages={555--561},
  year={1975},
  publisher={Elsevier}
}


@article{lowe2001metabolic,
  title={Metabolic rates of juvenile scalloped hammerhead sharks (Sphyrna lewini)},
  author={Lowe, C},
  journal={Marine Biology},
  volume={139},
  number={3},
  pages={447--453},
  year={2001},
  publisher={Springer}
}


@article{lutz1989effects,
  title={Effects of temperature on gas exchange and acid-base balance in the sea turtle Caretta caretta at rest and during routine activity},
  author={LUTZ, PETER L and Bergey, ANN and BERGEY, MICHAEL},
  journal={Journal of Experimental Biology},
  volume={144},
  number={1},
  pages={155--169},
  year={1989},
  publisher={The Company of Biologists Ltd}
}


@article{mccue2006cost,
  title={Cost of producing venom in three North American pitviper species},
  author={McCue, Marshall D},
  journal={Journal Information},
  volume={2006},
  number={4},
  year={2006}
}


@article{makarieva2008mean,
  title={Mean mass-specific metabolic rates are strikingly similar across life's major domains: evidence for life's metabolic optimum},
  author={Makarieva, Anastassia M and Gorshkov, Victor G and Li, Bai-Lian and Chown, Steven L and Reich, Peter B and Gavrilov, Valery M},
  journal={Proceedings of the National Academy of Sciences},
  volume={105},
  number={44},
  pages={16994--16999},
  year={2008},
  publisher={National Acad Sciences}
}


@article{mccomb2010temporal,
  title={Temporal resolution and spectral sensitivity of the visual system of three coastal shark species from different light environments},
  author={McComb, D Michelle and Frank, Tamara M and Hueter, Robert E and Kajiura, Stephen M},
  journal={Physiological and Biochemical Zoology},
  volume={83},
  number={2},
  pages={299--307},
  year={2010},
  publisher={JSTOR}
}


@article{mcgill2006allometric,
  title={An allometric vision and motion model to predict prey encounter rates},
  author={McGill, Brian J and Mittelbach, Gary G},
  journal={Evolutionary Ecology Research},
  volume={8},
  number={4},
  pages={691--701},
  year={2006},
  publisher={Evolutionary Ecology, Ltd.}
}


@article{mckeever1964biology,
  title={The biology of the golden-mantled ground squirrel, Citellus lateralis},
  author={McKeever, Sturgis},
  journal={Ecological Monographs},
  pages={383--401},
  year={1964},
  publisher={JSTOR}
}


@article{mcnab1986influence,
  title={The influence of food habits on the energetics of eutherian mammals},
  author={McNab, Brian K},
  journal={Ecological Monographs},
  pages={1--19},
  year={1986},
  publisher={JSTOR}
}

@article{meneghini1967electroretinogram,
  title={The electroretinogram of the iguana and Tokay gecko},
  author={Meneghini, Kathleen A and Hamasaki, DI},
  journal={Vision research},
  volume={7},
  number={3},
  pages={243--IN11},
  year={1967},
  publisher={Elsevier}
}


@article{mirtschin2002influences,
  title={Influences on venom yield in Australian tigersnakes (Notechis scutatus) and brownsnakes (Pseudonaja textilis: Elapidae, Serpentes)},
  author={Mirtschin, PJ and Shine, R and Nias, TJ and Dunstan, NL and Hough, BJ and Mirtschin, M},
  journal={Toxicon},
  volume={40},
  number={11},
  pages={1581--1592},
  year={2002},
  publisher={Elsevier}
}



@article{moller2010up,
  title={Up, up, and away: relative importance of horizontal and vertical escape from predators for survival and senescence},
  author={M{\o}ller, AP},
  journal={Journal of evolutionary biology},
  volume={23},
  number={8},
  pages={1689--1698},
  year={2010},
  publisher={Wiley Online Library}
}


@article{moorad2010evolution,
  title={Evolution: aging up a tree?},
  author={Moorad, Jacob A and Promislow, Daniel EL},
  journal={Current Biology},
  volume={20},
  number={9},
  pages={R406--R408},
  year={2010},
  publisher={Elsevier}
}


@article{morgenstern2013venom,
  title={The venom optimization hypothesis revisited},
  author={Morgenstern, David and King, Glenn F},
  journal={Toxicon},
  volume={63},
  pages={120--128},
  year={2013},
  publisher={Elsevier}
}


@article{murphy2007using,
  title={Using genomic data to unravel the root of the placental mammal phylogeny},
  author={Murphy, William J and Pringle, Thomas H and Crider, Tess A and Springer, Mark S and Miller, Webb},
  journal={Genome Research},
  volume={17},
  number={4},
  pages={413--421},
  year={2007},
  publisher={Cold Spring Harbor Lab}
}


@article{myers2006animal,
  title={The animal diversity web},
  author={Myers, Phil and Espinosa, R and Parr, CS and Jones, T and Hammond, GS and Dewey, TA},
  journal={Accessed October},
  volume={12},
  number={2006},
  pages={2},
  year={2006}
}


@article{mercer2003effects,
  title={The effects of Cenozoic global change on squirrel phylogeny},
  author={Mercer, John M and Roth, V Louise},
  journal={Science},
  volume={299},
  number={5612},
  pages={1568--1572},
  year={2003},
  publisher={American Association for the Advancement of Science}
}


@article{naro2008evolutionary,
  title={Evolutionary relationships of marine turtles: a molecular phylogeny based on nuclear and mitochondrial genes},
  author={Naro-Maciel, Eugenia and Le, Minh and FitzSimmons, Nancy N and Amato, George},
  journal={Molecular Phylogenetics and Evolution},
  volume={49},
  number={2},
  pages={659--662},
  year={2008},
  publisher={Academic Press}
}


@article{navarrete2011energetics,
  title={Energetics and the evolution of human brain size},
  author={Navarrete, Ana and van Schaik, Carel P and Isler, Karin},
  journal={Nature},
  volume={480},
  number={7375},
  pages={91--93},
  year={2011},
  publisher={Nature Publishing Group}
}


@article{orme2011caper,
  title={CAPER: comparative analysis of phylogenetics and evolution in R, R package v. 0.4},
  author={Orme, CDL and Freckleton, RP and Thomas, G and Petzoldt, T and Fritz, SA and Isaac, N and Pearse, W},
  journal={See: http://CRAN. R-project. org/package= caper (accessed 25 October 2011)},
  year={2011}
}


@book{harvey1991comparative,
  title={The comparative method in evolutionary biology},
  author={Harvey, Paul H and Pagel, Mark D},
  volume={239},
  year={1991},
  publisher={Oxford university press Oxford}
}


@article{pagel1999inferring,
  title={Inferring the historical patterns of biological evolution},
  author={Pagel, Mark},
  journal={Nature},
  volume={401},
  number={6756},
  pages={877--884},
  year={1999},
  publisher={Nature Publishing Group}
}


@article{parham2011best,
  title={Best practices for justifying fossil calibrations},
  author={Parham, James F and Donoghue, Philip CJ and Bell, Christopher J and Calway, Tyler D and Head, Jason J and Holroyd, Patricia A and Inoue, Jun G and Irmis, Randall B and Joyce, Walter G and Ksepka, Daniel T and others},
  journal={Systematic Biology},
  pages={syr107},
  year={2011},
  publisher={Oxford University Press}
}


@article{paladino1996respiratory,
  title={Respiratory physiology of adult leatherback turtles (Dermochelys coriacea) while nesting on land. Fisiolog{\'\i}a respiratoria del adulto de las tortugas baula (Dermochelys coriacea) mientras anidan en tierra.},
  author={Paladino, Frank V and Spotila, James R and O'Connor, Michael P and Gatten Jr, RE},
  journal={Chelonian Conservation and Biology.},
  volume={2},
  number={2},
  pages={223--229},
  year={1996}
}


@book{palmer2010art,
  title={The art of radiometry},
  author={Palmer, James M and Grant, Barbara Geri},
  year={2010},
  publisher={SPIE Press Bellingham}
}


@book{parr2010parrots,
  title={Parrots: a guide to parrots of the world},
  author={Parr, Mike and Juniper, Tony},
  year={2010},
  publisher={Bloomsbury Publishing}
}


@article{partridge1993optimality,
  title={Optimality, mutation and the evolution of ageing},
  author={Partridge, Linda and Barton, Nicholas H},
  journal={NATURE-LONDON-},
  volume={362},
  pages={305--305},
  year={1993},
  publisher={MACMILLAN MAGAZINES LTD}
}


@article{pauls1981energetics,
  title={Energetics of the red squirrel: a laboratory study of the effects of temperature, seasonal acclimatization, use of the nest and exercise},
  author={Pauls, Ronald W},
  journal={Journal of Thermal Biology},
  volume={6},
  number={2},
  pages={79--86},
  year={1981},
  publisher={Elsevier}
}


@article{pawar2012dimensionality,
  title={Dimensionality of consumer search space drives trophic interaction strengths},
  author={Pawar, Samraat and Dell, Anthony I and Savage, Van M},
  journal={Nature},
  volume={486},
  number={7404},
  pages={485--489},
  year={2012},
  publisher={Nature Publishing Group}
}


@article{perelman2011molecular,
  title={A molecular phylogeny of living primates},
  author={Perelman, Polina and Johnson, Warren E and Roos, Christian and Seu{\'a}nez, Hector N and Horvath, Julie E and Moreira, Miguel AM and Kessing, Bailey and Pontius, Joan and Roelke, Melody and Rumpler, Yves and others},
  journal={PLoS genetics},
  volume={7},
  number={3},
  pages={e1001342},
  year={2011},
  publisher={Public Library of Science}
}


@article{peto1975cancer,
  title={Cancer and ageing in mice and men.},
  author={Peto, R and Roe, FJ and Lee, PN and Levy, L and Clack, J},
  journal={British Journal of Cancer},
  volume={32},
  number={4},
  pages={411},
  year={1975},
  publisher={Nature Publishing Group}
}


@article{pintor2010costs,
  title={Costs of venom production in the common death adder (Acanthophis antarcticus)},
  author={Pintor, Anna FV and Krockenberger, Andrew K and Seymour, Jamie E},
  journal={Toxicon},
  volume={56},
  number={6},
  pages={1035--1042},
  year={2010},
  publisher={Elsevier}
}


@article{platel1979brain,
  title={Brain weight-body weight relationships},
  author={Platel, ROLAND},
  journal={Biology of the Reptilia},
  volume={9},
  pages={147--171},
  year={1979}
}


@article{plummer2006coda,
  title={CODA: Convergence diagnosis and output analysis for MCMC},
  author={Plummer, Martyn and Best, Nicky and Cowles, Kate and Vines, Karen},
  journal={R news},
  volume={6},
  number={1},
  pages={7--11},
  year={2006}
}


@article{pomeroy1990fly,
  title={Why fly? The possible benefits for lower mortality},
  author={Pomeroy, Derek},
  journal={Biological Journal of the Linnean Society},
  volume={40},
  number={1},
  pages={53--65},
  year={1990},
  publisher={Wiley Online Library}
}


@article{poran1987resistance,
  title={Resistance of California ground squirrels (Spermophilus beecheyi) to the venom of the northern Pacific rattlesnake (Crotalus viridis oreganus): a study of adaptive variation},
  author={Poran, Naomie S and Coss, Richard G and Benjamini, ELI},
  journal={Toxicon},
  volume={25},
  number={7},
  pages={767--777},
  year={1987},
  publisher={Elsevier}
}


@article{porter1902contributions,
  title={Contributions to the study of flicker. Paper II},
  author={Porter, Thomas Conrad},
  journal={Proceedings of the Royal Society of London},
  volume={70},
  number={459-466},
  pages={313--329},
  year={1902},
  publisher={The Royal Society}
}


@article{promislow1990living,
  title={Living fast and dying young: A comparative analysis of life-history variation among mammals},
  author={Promislow, Daniel EL and Harvey, Paul H},
  journal={Journal of Zoology},
  volume={220},
  number={3},
  pages={417--437},
  year={1990},
  publisher={Wiley Online Library}
}


@article{promislow1993size,
  title={On size and survival: progress and pitfalls in the allometry of life span},
  author={Promislow, Daniel EL},
  journal={Journal of gerontology},
  volume={48},
  number={4},
  pages={B115--B123},
  year={1993},
  publisher={Oxford University Press}
}


@article{prugh2014does,
  title={Does moonlight increase predation risk? Meta-analysis reveals divergent responses of nocturnal mammals to lunar cycles},
  author={Prugh, Laura R and Golden, Christopher D},
  journal={Journal of animal ecology},
  volume={83},
  number={2},
  pages={504--514},
  year={2014},
  publisher={Wiley Online Library}
}


@article{pyron2014early,
  title={Early origin of viviparity and multiple reversions to oviparity in squamate reptiles},
  author={Pyron, R Alexander and Burbrink, Frank T},
  journal={Ecology letters},
  volume={17},
  number={1},
  pages={13--21},
  year={2014},
  publisher={Wiley Online Library}
}



@MANUAL{RCran,
  title = {R: A Language and Environment for Statistical Computing},
  author = {{R Core Team}},
  organization = {R Foundation for Statistical Computing},
  address = {Vienna, Austria},
  year = {2014},
  url = {http://www.R-project.org}
}


@article{reisz2004molecular,
  title={Molecular timescales and the fossil record: a paleontological perspective},
  author={Reisz, Robert R and M{\"u}ller, Johannes},
  journal={TRENDS in Genetics},
  volume={20},
  number={5},
  pages={237--241},
  year={2004},
  publisher={Elsevier}
}


@article{richards2012venom,
  title={Venom lethality and diet: Differential responses of natural prey and model organisms to the venom of the saw-scaled vipers (Echis)},
  author={Richards, DP and Barlow, A and W{\"u}ster, Wolfgang},
  journal={Toxicon},
  volume={59},
  number={1},
  pages={110--116},
  year={2012},
  publisher={Elsevier}
}


@article{ricklefs2001comparison,
  title={Comparison of aging-related mortality among birds and mammals},
  author={Ricklefs, Robert E and Scheuerlein, A},
  journal={Experimental gerontology},
  volume={36},
  number={4},
  pages={845--857},
  year={2001},
  publisher={Elsevier}
}


@article{ricklefs2010life,
  title={Life-history connections to rates of aging in terrestrial vertebrates},
  author={Ricklefs, Robert E},
  journal={Proceedings of the National Academy of Sciences},
  volume={107},
  number={22},
  pages={10314--10319},
  year={2010},
  publisher={National Acad Sciences}
}


@article{ricklefs2010insights,
  title={Insights from comparative analyses of aging in birds and mammals},
  author={Ricklefs, Robert E},
  journal={Aging cell},
  volume={9},
  number={2},
  pages={273--284},
  year={2010},
  publisher={Wiley Online Library}
}


@article{rodriguez1992venom,
  title={Venom function in the Puerto Rican racer, Alsophis portoricensis (Serpentes: Colubridae)},
  author={Rodr{\'\i}guez-Robles, Javier A and Thomas, Richard},
  journal={Copeia},
  pages={62--68},
  year={1992},
  publisher={JSTOR}
}


@article{rogowitz1996evaluation,
  title={Evaluation of thermal acclimation of metabolism in two eurythermal lizards, Anolis cristatellus and A. sagrei},
  author={Rogowitz, Gordon L},
  journal={Journal of thermal biology},
  volume={21},
  number={1},
  pages={11--14},
  year={1996},
  publisher={Elsevier}
}


@article{rohlf2001comparative,
  title={Comparative methods for the analysis of continuous variables: geometric interpretations},
  author={Rohlf, F James},
  journal={Evolution},
  volume={55},
  number={11},
  pages={2143--2160},
  year={2001},
  publisher={Wiley Online Library}
}


@article{rubene2010presence,
  title={The presence of UV wavelengths improves the temporal resolution of the avian visual system},
  author={Rubene, Diana and H{\aa}stad, Olle and Tauson, Ragnar and Wall, Helena and {\"O}deen, Anders},
  journal={The Journal of experimental biology},
  volume={213},
  number={19},
  pages={3357--3363},
  year={2010},
  publisher={The Company of Biologists Ltd}
}


@article{sato2007stroke,
  title={Stroke frequency, but not swimming speed, is related to body size in free-ranging seabirds, pinnipeds and cetaceans},
  author={Sato, Katsufumi and Watanuki, Yutaka and Takahashi, Akinori and Miller, Patrick JO and Tanaka, Hideji and Kawabe, Ryo and Ponganis, Paul J and Handrich, Yves and Akamatsu, Tomonari and Watanabe, Yuuki and others},
  journal={Proceedings of the Royal Society B: Biological Sciences},
  volume={274},
  number={1609},
  pages={471--477},
  year={2007},
  publisher={The Royal Society}
}


@book{schoch1985preliminary,
  title={Preliminary description of a new late Paleocene land-mammal fauna from South Carolina, USA},
  author={Schoch, Robert M},
  year={1985},
  publisher={Peabody Museum of Natural History, Yale University}
}


@book{schwartz2010visual,
  title={Visual perception: A clinical orientation},
  author={Schwartz, Steven H and Meese, T},
  year={2010},
  publisher={McGraw-Hill Medical Pub. Division}
}


@article{schwartz1992age,
  title={Age-and gender-related changes in body size, adiposity, and endocrine and metabolic parameters in free-ranging rhesus macaques},
  author={Schwartz, Susan M and Kemnitz, Joseph W},
  journal={American Journal of Physical Anthropology},
  volume={89},
  number={1},
  pages={109--121},
  year={1992},
  publisher={Wiley Online Library}
}


@article{shattuck2010arboreality,
  title={Arboreality has allowed for the evolution of increased longevity in mammals},
  author={Shattuck, Milena R and Williams, Scott A},
  journal={Proceedings of the National Academy of Sciences},
  volume={107},
  number={10},
  pages={4635--4639},
  year={2010},
  publisher={National Acad Sciences}
}


@article{sheppard1968seasonal,
  title={Seasonal changes in body and adrenal weights of chipmunks (Eutamias)},
  author={Sheppard, David H},
  journal={Journal of mammalogy},
  pages={463--474},
  year={1968},
  publisher={JSTOR}
}


@article{shine1985prey,
  title={Prey constriction by venomous snakes: a review, and new data on Australian species},
  author={Shine, Richard and Schwaner, Terry},
  journal={Copeia},
  pages={1067--1071},
  year={1985},
  publisher={JSTOR}
}


@article{shumake1968critical,
  title={Critical fusion frequency in rhesus monkeys.},
  author={Shumake, Stephen A and Smith, James C and Taylor, Henry L},
  journal={The Psychological Record},
  year={1968},
  publisher={Kenyon Coll Psychology Dept}
}


@book{sibly2012metabolic,
  title={Metabolic ecology: a scaling approach},
  author={Sibly, Richard M and Brown, James H and Kodric-Brown, Astrid},
  year={2012},
  publisher={John Wiley \& Sons}
}


@article{southwood2008sound,
  title={Sound, chemical, and light detection in sea turtles and pelagic fishes: sensory-based approaches to bycatch reduction in longline fisheries},
  author={Southwood, Amanda and Fritsches, Kerstin and Brill, Richard and Swimmer, Yonat},
  journal={Endangered Species Research},
  volume={5},
  number={2-3},
  pages={225--238},
  year={2008},
  publisher={Inter-research}
}


@book{stearns1992evolution,
  title={The evolution of life histories},
  author={Stearns, Stephen C},
  volume={249},
  year={1992},
  publisher={Oxford University Press Oxford}
}


@article{stevens2007predator,
  title={Predator perception and the interrelation between different forms of protective coloration},
  author={Stevens, Martin},
  journal={Proceedings of the Royal Society B: Biological Sciences},
  volume={274},
  number={1617},
  pages={1457--1464},
  year={2007},
  publisher={The Royal Society}
}


@article{stevens2011motion,
  title={Motion dazzle and camouflage as distinct anti-predator defenses},
  author={Stevens, Martin and Searle, W Tom L and Seymour, Jenny E and Marshall, Kate LA and Ruxton, Graeme D},
  journal={BMC biology},
  volume={9},
  number={1},
  pages={81},
  year={2011},
  publisher={BioMed Central Ltd}
}


@article{stewart1984energy,
  title={Energy transfer and female condition in nursing harp seals Phoca groenlandica},
  author={Stewart, REA and Lavigne, DM},
  journal={Ecography},
  volume={7},
  number={2},
  pages={182--194},
  year={1984},
  publisher={Wiley Online Library}
}


@article{tansley1965vision,
  title={Vision in vertebrates.},
  author={Tansley, Katharine and others},
  journal={Vision in vertebrates.},
  year={1965},
  publisher={London: Chapman \& Hall [Science Paperbacks No. 11}
}


@article{tacutu2012human,
  title={Human ageing genomic resources: integrated databases and tools for the biology and genetics of ageing},
  author={Tacutu, Robi and Craig, Thomas and Budovsky, Arie and Wuttke, Daniel and Lehmann, Gilad and Taranukha, Dmitri and Costa, Joana and Fraifeld, Vadim E and de Magalh{\~a}es, Jo{\~a}o Pedro},
  journal={Nucleic acids research},
  pages={gks1155},
  year={2012},
  publisher={Oxford Univ Press}
}


@article{tansley1961some,
  title={Some aspects of the electroretinographic response of the American red squirrel, Tamiosciurus hudsonicus loquax},
  author={Tansley, Katharine and Copenhaver, RM and Gunkel, RD},
  journal={Journal of cellular and comparative physiology},
  volume={57},
  number={1},
  pages={11--19},
  year={1961},
  publisher={Wiley Online Library}
}


@article{tatler2000temperature,
  title={Temperature and the temporal resolving power of fly photoreceptors},
  author={Tatler, B and O'Carroll, DC and Laughlin, SB},
  journal={Journal of Comparative Physiology A},
  volume={186},
  number={4},
  pages={399--407},
  year={2000},
  publisher={Springer}
}


@article{tian2013high,
  title={High-molecular-mass hyaluronan mediates the cancer resistance of the naked mole rat},
  author={Tian, Xiao and Azpurua, Jorge and Hine, Christopher and Vaidya, Amita and Myakishev-Rempel, Max and Ablaeva, Julia and Mao, Zhiyong and Nevo, Eviatar and Gorbunova, Vera and Seluanov, Andrei},
  journal={Nature},
  volume={499},
  number={7458},
  pages={346--349},
  year={2013},
  publisher={Nature Publishing Group}
}


@book{terres1980audubon,
  title={The Audubon society encyclopedia of North American birds},
  author={Terres, John K and Terres, John K},
  year={1980},
  publisher={Knopf NY}
}

@article{therrien2007my,
  title={My theropod is bigger than yours… or not: estimating body size from skull length in theropods},
  author={Therrien, Fran{\c{c}}ois and Henderson, Donald M},
  journal={Journal of Vertebrate Paleontology},
  volume={27},
  number={1},
  pages={108--115},
  year={2007},
  publisher={Taylor \& Francis}
}


@book{tosh2010modelling,
  title={Modelling perception with artificial neural networks},
  author={Tosh, Colin R and Ruxton, Graeme D},
  year={2010},
  publisher={Cambridge University Press}
}


@article{vogel2008modes,
  title={Modes and scaling in aquatic locomotion},
  author={Vogel, Steven},
  journal={Integrative and Comparative Biology},
  volume={48},
  number={6},
  pages={702--712},
  year={2008},
  publisher={Soc Integ Comp Biol}
}


@article{vonk2013king,
  title={The king cobra genome reveals dynamic gene evolution and adaptation in the snake venom system},
  author={Vonk, Freek J and Casewell, Nicholas R and Henkel, Christiaan V and Heimberg, Alysha M and Jansen, Hans J and McCleary, Ryan JR and Kerkkamp, Harald ME and Vos, Rutger A and Guerreiro, Isabel and Calvete, Juan J and others},
  journal={Proceedings of the National Academy of Sciences},
  volume={110},
  number={51},
  pages={20651--20656},
  year={2013},
  publisher={National Acad Sciences}
}


@article{voris1981size,
  title={Size and proportion relationship between the beaked sea snake and its prey},
  author={Voris, Harold K and Moffett, Mark W},
  journal={Biotropica},
  pages={15--19},
  year={1981},
  publisher={JSTOR}
}


@article{voss2013opossums,
  title={Opossums (Mammalia: Didelphidae) in the diets of Neotropical pitvipers (Serpentes: Crotalinae): Evidence for alternative coevolutionary outcomes?},
  author={Voss, Robert S},
  journal={Toxicon},
  volume={66},
  pages={1--6},
  year={2013},
  publisher={Elsevier}
}


@book{nowak1999walker,
  title={Walker's mammals of the world},
  author={Nowak, Ronald M},
  volume={1},
  year={1999},
  publisher={JHU Press}
}


@article{walloe2010neurological,
  title={A neurological comparative study of the harp seal (Pagophilus groenlandicus) and harbor porpoise (Phocoena phocoena) brain},
  author={Wall{\o}e, Solveig and Eriksen, Nina and Dabelsteen, Torben and Pakkenberg, Bente},
  journal={The Anatomical Record},
  volume={293},
  number={12},
  pages={2129--2135},
  year={2010},
  publisher={Wiley Online Library}
}


@article{watanabe2012slowest,
  title={The slowest fish: swim speed and tail-beat frequency of Greenland sharks},
  author={Watanabe, Yuuki Y and Lydersen, Christian and Fisk, Aaron T and Kovacs, Kit M},
  journal={Journal of Experimental Marine Biology and Ecology},
  volume={426},
  pages={5--11},
  year={2012},
  publisher={Elsevier}
}


@article{Wegner15052015,
author = {Wegner, Nicholas C. and Snodgrass, Owyn E. and Dewar, Heidi and Hyde, John R.}, 
title = {Whole-body endothermy in a mesopelagic fish, the opah, Lampris guttatus},
volume = {348}, 
number = {6236}, 
pages = {786-789}, 
year = {2015}, 
doi = {10.1126/science.aaa8902}, 
abstract ={Endothermy (the metabolic production and retention of heat to warm body temperature above ambient) enhances physiological function, and whole-body endothermy generally sets mammals and birds apart from other animals. Here, we describe a whole-body form of endothermy in a fish, the opah (Lampris guttatus), that produces heat through the constant “flapping” of wing-like pectoral fins and minimizes heat loss through a series of counter-current heat exchangers within its gills. Unlike other fish, opah distribute warmed blood throughout the body, including to the heart, enhancing physiological performance and buffering internal organ function while foraging in the cold, nutrient-rich waters below the ocean thermocline.}, 
URL = {http://www.sciencemag.org/content/348/6236/786.abstract}, 
eprint = {http://www.sciencemag.org/content/348/6236/786.full.pdf}, 
journal = {Science} 
}


@article{white2006scaling,
  title={The scaling and temperature dependence of vertebrate metabolism},
  author={White, Craig R and Phillips, Nicole F and Seymour, Roger S},
  journal={Biology Letters},
  volume={2},
  number={1},
  pages={125--127},
  year={2006},
  publisher={The Royal Society}
}

@article{widder2010bioluminescence,
  title={Bioluminescence in the ocean: origins of biological, chemical, and ecological diversity},
  author={Widder, Edith A},
  journal={Science},
  volume={328},
  number={5979},
  pages={704--708},
  year={2010},
  publisher={American Association for the Advancement of Science}
}


@article{wiens2006does,
  title={Why does a trait evolve multiple times within a clade? Repeated evolution of snakeline body form in squamate reptiles},
  author={Wiens, John J and Brandley, Matthew C and Reeder, Tod W},
  journal={Evolution},
  volume={60},
  number={1},
  pages={123--141},
  year={2006},
  publisher={Wiley Online Library}
}


@article{wilkinson2002life,
  title={Life history, ecology and longevity in bats},
  author={Wilkinson, Gerald S and South, Jason M},
  journal={Aging cell},
  volume={1},
  number={2},
  pages={124--131},
  year={2002},
  publisher={Wiley Online Library}
}


@article{Williams1957,
  jstor_articletype = {research-article},
  title = {Pleiotropy, Natural Selection, and the Evolution of Senescence},
  author = {Williams, George C.},
  journal = {Evolution},
  jstor_issuetitle = {},
  volume = {11},
  number = {4},
  jstor_formatteddate = {Dec., 1957},
  pages = {pp. 398-411},
  url = {http://www.jstor.org/stable/2406060},
  ISSN = {00143820},
  language = {English},
  year = {1957},
  publisher = {Society for the Study of Evolution},
  copyright = {Copyright © 1957 Society for the Study of Evolution},
}


@article{williams1985flicker,
  title={Flicker detection in the albino rat following light-induced retinal damage},
  author={Williams, Ruth Ann and Pollitz, Celia H and Smith, James C and Williams, Theodore P},
  journal={Physiology \& behavior},
  volume={34},
  number={2},
  pages={259--266},
  year={1985},
  publisher={Elsevier}
}


@article{williams1995penguins,
  title={The penguins, Spheniscidae},
  author={Williams, TD and Wilson, RP and Boersma, PD and Stokes, DL},
  journal={Bird families of the world (2) Show all parts in this series},
  year={1995},
  publisher={Oxford [etc.]: Oxford University Press}
}


@article{williams2015ecology,
  title={Ecology, longevity and naked mole-rats: confounding effects of sociality?},
  author={Williams, Scott A and Shattuck, Milena R},
  journal={Proceedings of the Royal Society of London B: Biological Sciences},
  volume={282},
  number={1802},
  pages={20141664},
  year={2015},
  publisher={The Royal Society}
}


@book{wilson2005mammal,
  title={Mammal species of the world: a taxonomic and geographic reference},
  author={Wilson, Don E and Reeder, DeeAnn M},
  volume={1},
  year={2005},
  publisher={JHU Press}
}


@article{williams1988variation,
  title={Variation in venom proteins from isolated populations of tiger snakes (Notechis ater niger, N. scutatus) in South Australia},
  author={Williams, V and White, J and Schwaner, TD and Sparrow, A},
  journal={Toxicon},
  volume={26},
  number={11},
  pages={1067--1075},
  year={1988},
  publisher={Elsevier}
}


@article{winchester1940seasonal,
  title={Seasonal metabolic rhythms in the domestic fowl},
  author={Winchester, CF},
  journal={Poultry Science},
  volume={19},
  number={4},
  pages={239--245},
  year={1940},
  publisher={Oxford University Press}
}


@article{woo2009discrimination,
  title={Discrimination of flicker frequency rates in the reptile tuatara (Sphenodon)},
  author={Woo, Kevin L and Hunt, Maree and Harper, David and Nelson, Nicola J and Daugherty, Charles H and Bell, Ben D},
  journal={Naturwissenschaften},
  volume={96},
  number={3},
  pages={415--419},
  year={2009},
  publisher={Springer}
}


@article{woodward2005,
  Author = {Woodward, Guy and Ebenman, Bo and Emmerson, Mark and Montoya, Jose M. and Olesen, Jens M. and Valido, Alfredo and Warren, Philip H.},
  Doi = {http://dx.doi.org/10.1016/j.tree.2005.04.005},
  Issn = {0169-5347},
  Journal = {Trends in Ecology \& Evolution},
  Number = {7},
  Pages = {402--409},
  Title = {Body size in ecological networks},
  Url = {http://www.sciencedirect.com/science/article/pii/S0169534705000893},
  Volume = {20},
  Year = {2005},
  }


@ARTICLE{woodward2002body,
  author = {Woodward, Guy and Hildrew, Alan G},
  title = {Body-size determinants of niche overlap and intraguild predation
	within a complex food web},
  journal = {Journal of Animal Ecology},
  year = {2002},
  volume = {71},
  pages = {1063--1074},
  number = {6},
  publisher = {Wiley Online Library}
}


@article{zhang2013comparative,
  title={Comparative analysis of bat genomes provides insight into the evolution of flight and immunity},
  author={Zhang, Guojie and Cowled, Christopher and Shi, Zhengli and Huang, Zhiyong and Bishop-Lilly, Kimberly A and Fang, Xiaodong and Wynne, James W and Xiong, Zhiqiang and Baker, Michelle L and Zhao, Wei and others},
  journal={Science},
  volume={339},
  number={6118},
  pages={456--460},
  year={2013},
  publisher={American Association for the Advancement of Science}
}


